<?xml version="1.0" encoding="UTF-8"?><record xmlns="http://www.loc.gov/MARC21/slim" xmlns:cinclude="http://apache.org/cocoon/include/1.0" xmlns:zs="http://www.loc.gov/zing/srw/">
  <leader>00820cz  a2200205n  4500</leader>
  <controlfield tag="001">n  85371422 </controlfield>
  <controlfield tag="003">DLC</controlfield>
  <controlfield tag="005">20150526093352.0</controlfield>
  <controlfield tag="008">860220n| azannaabn          |b aaa      </controlfield>
  <datafield tag="010" ind1=" " ind2=" ">
    <subfield code="a">n  85371422 </subfield>
  </datafield>
  <datafield tag="035" ind1=" " ind2=" ">
    <subfield code="a">(OCoLC)oca01524628</subfield>
  </datafield>
  <datafield tag="040" ind1=" " ind2=" ">
    <subfield code="a">DLC</subfield>
    <subfield code="b">eng</subfield>
    <subfield code="e">rda</subfield>
    <subfield code="c">DLC</subfield>
    <subfield code="d">DLC</subfield>
    <subfield code="d">OCoLC</subfield>
    <subfield code="d">DLC</subfield>
  </datafield>
  <datafield tag="046" ind1=" " ind2=" ">
    <subfield code="f">1948</subfield>
  </datafield>
  <datafield tag="100" ind1="1" ind2=" ">
    <subfield code="a">Izumida, Wataru,</subfield>
    <subfield code="d">1948-</subfield>
  </datafield>
  <datafield tag="400" ind1="1" ind2=" ">
    <subfield code="a">泉田渡,</subfield>
    <subfield code="d">1948-</subfield>
  </datafield>
  <datafield tag="667" ind1=" " ind2=" ">
    <subfield code="a">Machine-derived non-Latin script reference project.</subfield>
  </datafield>
  <datafield tag="667" ind1=" " ind2=" ">
    <subfield code="a">Non-Latin script reference not evaluated.</subfield>
  </datafield>
  <datafield tag="670" ind1=" " ind2=" ">
    <subfield code="a">Gendai e no shakaigakuteki shiten, 1985:</subfield>
    <subfield code="b">t.p. (Izumida Wataru) colophon (w. Tōyō Daigaku)</subfield>
  </datafield>
  <datafield tag="670" ind1=" " ind2=" ">
    <subfield code="a">Web NDL Authorities home page, viewed May 26, 2015</subfield>
    <subfield code="b">(Izumida Wataru; b. 1948)</subfield>
  </datafield>
  <datafield tag="675" ind1=" " ind2=" ">
    <subfield code="a">Kenkyūsha sōran, 1984;</subfield>
    <subfield code="a">Chosakuken daichō, 1985;</subfield>
    <subfield code="a">NDL choshamei, 1979, 85;</subfield>
    <subfield code="a">Zenkoku daigaku shokuin, 1984.</subfield>
  </datafield>
</record>